001  0000135
005  20170816150622.458
008  170704s||||     bl|||||||||||||||||por|u
020    $a9788560618071
040    $aPorto Alegre$bpor
090    $c3 ed.
100 1  $aBrasil. Ministério da cultura
245 10 $aAs metas do plano nacional de cultura$cBrasil. Ministério da cultura
260    $aSão Paulo, Brasília$bInstituto Via Pública, MinC$c2012
300    $a216 p.
490 0  $v3 ed.
650    $aCultura
650    $aLei 12.343/2010
650    $aMetas
650    $aPlano Nacional de Cultura
